@article{Zaremba,
  author =	 {Wojciech Zaremba, Ilya Sutskever, Oriol Vinyals},
  title = 	 {Recurrent Neural Network Regularization},
  journal =    {arXiv preprint arXiv:1409.2329},
  year = 	 2015
}
@article{Vinyals:2015,
  author =	 {Oriol Vinyals, Alexander Toshev, Samy Bengio, Dumitru Erhan},
  title = 	 {Show and Tell: A Neural Image Caption Generator},
  journal =    {arXiv preprint arXiv:1411.4555},
  year = 	 2015
}
@article{Vedantam,
  author =	 {Ramakrishna Vedantam, C. Lawrence Zitnick, Devi Parikh},
  title = 	 {CIDEr: Consensus-based Image Description Evaluation},
  journal =    {arXiv preprint arXiv:1411.5726},
  year = 	 2015
}
@article{Xu,
  author =	 {Kelvin Xu, Jimmy Lei Ba, Ryan Kiros, Kyunghyun Cho, Aaron Courville, Ruslan Salakhutdinov, Richard S. Zemel, Yoshua Bengio},
  title = 	 {Show, Attend and Tell: Neural Image Caption Generation with Visual Attention},
  journal =    {arXiv preprint arXiv:1502.03044},
  year = 	 2016
}
@article{Agrawal,
  author =	 {Aishwarya Agrawal, Jiasen Lu, Stanislaw Antol, Margaret Mitchell, C. Lawrence Zitnick, Dhruv Batra, Devi Parikh},
  title = 	 {VQA: Visual Question Answering},
  journal =    {arXiv preprint arXiv:1505.00468},
  year = 	 2016
}
@article{Vinyals:2016,
  author =	 {Oriol Vinyals, Alexander Toshev, Samy Bengio, Dumitru Erhan},
  title = 	 {Show and Tell: Lessons learned from the 2015 MSCOCO Image Captioning Challenge},
  journal =    {arXiv preprint arXiv:1609.06647},
  year = 	 2016
}
@article{Vijayakumar,
  author =	 {Ashwin K Vijayakumar, Michael Cogswell, Ramprasath R. Selvaraju, Qing Sun, Stefan Lee, David Crandall, Dhruv Batra},
  title = 	 {DIVERSE BEAM SEARCH: DECODING DIVERSE SOLUTIONS FROM NEURAL SEQUENCE MODELS},
  journal =    {arXiv preprint arXiv:1610.02424},
  year = 	 2018
}
@article{Rennie,
  author =	 {Steven J. Rennie, Etienne Marcheret, Youssef Mroueh, Jerret Ross, Vaibhava Goel},
  title = 	 {Self-critical Sequence Training for Image Captioning},
  journal =    {arXiv preprint arXiv:1612.00563},
  year = 	 2017
}
@article{Anderson,
  author =	 {Peter Anderson, Xiaodong He, Chris Buehler, Damien Teney, Mark Johnson, Stephen Gould, Lei Zhang},
  title = 	 {Bottom-Up and Top-Down Attention for Image Captioning and Visual Question Answering},
  journal =    {arXiv preprint arXiv:1707.07998},
  year = 	 2018
}
@article{Yun,
  author =	 {Sangdoo Yun, Dongyoon Han, Seong Joon Oh, Sanghyuk Chun, Junsuk Choe, Youngjoon Yoo},
  title = 	 {CutMix: Regularization Strategy to Train Strong Classifiers with Localizable Features},
  journal =    {arXiv preprint arXiv:1905.04899},
  year = 	 2019
}
